@book{meulivro,
	title="Aqui vem o título",
	author="Jorge Amado",
	publisher="Editora A",
	address="Cidade",
	year="1983" 
}

@article{meuartigo,
	title="Aqui vem o título do artigo",
	author="Luiz Fernado Verissimo",
	journal="Revista A",
	address="Cidade",
	year="1990" 
}