@book{meulivro,
	title="Aqui vem o título",
	author="Nome do Autor",
	publisher="Editora A",
	address="Cidade",
	year="2014" 
}

@article{meuartigo,
	title="Aqui vem o título do artigo",
	author="Nome do Autor",
	journal="Revista A",
	address="Cidade",
	year="2015" 
}